@inproceedings{Augustine2021,
  title={Efficient Distributed Algorithms in the k-machine model via PRAM Simulations},
  author={J. Augustine and K. Kothapalli and G. Pandurangan},
  booktitle={2021 IEEE International Parallel and Distributed Processing Symposium (IPDPS)},
  pages={223--232},
  year={2021},
  doi={10.1109/IPDPS49936.2021.00031}
}

@article{Augustine2018,
  title={Distributed Computation in the Node-Congested Clique},
  author={John Augustine and Mohsen Ghaffari and Robert Gmyr and Kristian Hinnenthal and Fabian Kuhn and Jason Li and Christian Scheideler},
  journal={arXiv preprint arXiv:1805.07294v1},
  year={2018}
}

@misc{Krishnamurthy2002,
  title={Parallel Algorithms},
  author={Arvind Krishnamurthy and John Zahorjan},
  howpublished={University of Washington},
  year={2002}
}

@misc{Abadi2015,
  title={TensorFlow: Large-Scale Machine Learning on Heterogeneous Systems},
  author={Mart√≠n Abadi and others},
  howpublished={Software available from tensorflow.org},
  year={2015},
  note={\url{https://www.tensorflow.org/}}
}

@manual{MPI2015,
  title={MPI: A Message-Passing Interface Standard Version 3.1},
  organization={Message Passing Interface Forum},
  year={2015},
  url={https://www.mpi-forum.org/docs/}
}

@article{Dagum1998,
  title={OpenMP: an industry standard API for shared-memory programming},
  author={Dagum, Leonardo and Menon, Ramesh},
  journal={IEEE Computational Science & Engineering},
  volume={5},
  number={1},
  pages={46--55},
  year={1998}
}
