@article{DCLP,
  title={Distributed Computation of Large-scale Graph Problems},
  author={Hartmut Klauck, Danupon Nanongkai, Gopal Pandurangan and Peter Robinson},
  journal={Society for Industrial and Applied Mathematics},
  year={2015}
}
